%% This BibTeX bibliography file was created using BibDesk.
%% http://bibdesk.sourceforge.net/


%% Created for Jomi Hubner at 2017-11-13 10:59:14 -0200 


%% Saved with string encoding Western (Windows Latin 1) 



@inproceedings{hubner:06b,
	Author = {Jomi Fred H{\"u}bner and Rafael H. Bordini and Michael Wooldridge},
	Booktitle = {Proceedings of the Fourth International Workshop on Declarative Agent Languages and Technologies ({DALT} 2006), held with AAMAS 2006, 8th May, Hakodate, Japan},
	Date-Added = {2017-11-13 12:48:54 +0000},
	Date-Modified = {2017-11-13 12:48:54 +0000},
	Doi = {10.1007/11961536_9},
	Editor = {Matteo Baldoni and Ulle Endriss},
	Isbn = {3-540-68959-1},
	Issn = {0302-9743},
	Pages = {123-140},
	Publisher = {Springer},
	Series = {LNCS},
	Title = {Programming Declarative Goals Using Plan Patterns},
	Url-Slides = {http://www.das.ufsc.br/~jomi/pubs/2006/Hubner-dalt06-slides.pdf},
	Volume = {4327},
	Year = {2006},
	Bdsk-Url-1 = {http://dx.doi.org/10.1007/11961536_9}}

@article{cohen:90,
	Author = {Philip R. Cohen and Hector J. Levesque},
	Date-Added = {2017-11-13 12:48:28 +0000},
	Date-Modified = {2017-11-13 12:48:28 +0000},
	Journal = {Artificial Intelligence},
	Pages = {213--261},
	Title = {Intention is choice with commitment},
	Volume = 42,
	Year = 1990}

@inproceedings{winikoff:02,
	Author = {Michael Winikoff and Lin Padgham and James Harland and John Thangarajah},
	Booktitle = {Proceedings of the Eighth International Conference on Principles of Knowledge Representation and Reasoning},
	Date-Added = {2017-11-13 12:48:02 +0000},
	Date-Modified = {2017-11-13 12:48:02 +0000},
	Title = {Declarative and Procedural Goals in Intelligent Agent Systems},
	Year = 2002}

@inproceedings{Rao96,
	Author = {Anand S. Rao},
	Booktitle = {Agents Breaking Away, 7th European Workshop on Modelling Autonomous Agents in a Multi-Agent World, Eindhoven, The Netherlands, January 22-25, 1996, Proceedings},
	Editor = {Walter Van de Velde and John W. Perram},
	Pages = {42--55},
	Publisher = {Springer},
	Series = {Lecture Notes in Computer Science},
	Title = {AgentSpeak(L): {BDI} Agents Speak Out in a Logical Computable Language},
	Volume = {1038},
	Year = {1996}}

@article{Ingrand:1992:ARR:629535.629890,
	Acmid = {629890},
	Address = {Piscataway, NJ, USA},
	Author = {Ingrand, Francois F. and Georgeff, Michael P. and Rao, Anand S.},
	Doi = {10.1109/64.180407},
	Issn = {0885-9000},
	Issue_Date = {December 1992},
	Journal = {IEEE Expert: Intelligent Systems and Their Applications},
	Month = dec,
	Number = {6},
	Numpages = {11},
	Pages = {34--44},
	Publisher = {IEEE Educational Activities Department},
	Title = {An Architecture for Real-Time Reasoning and System Control},
	Url = {http://dx.doi.org/10.1109/64.180407},
	Volume = {7},
	Year = {1992},
	Bdsk-Url-1 = {http://dx.doi.org/10.1109/64.180407}}

@article{Bratman88,
	Author = {Michael E. Bratman and David J. Israel and Martha E. Pollack},
	Bibsource = {dblp computer science bibliography, http://dblp.org},
	Biburl = {http://dblp.uni-trier.de/rec/bib/journals/ci/BratmanIP88},
	Doi = {10.1111/j.1467-8640.1988.tb00284.x},
	Journal = {Computational Intelligence},
	Pages = {349--355},
	Timestamp = {Sat, 14 Apr 2012 16:35:12 +0200},
	Title = {Plans and resource-bounded practical reasoning},
	Url = {http://dx.doi.org/10.1111/j.1467-8640.1988.tb00284.x},
	Volume = {4},
	Year = {1988},
	Bdsk-Url-1 = {http://dx.doi.org/10.1111/j.1467-8640.1988.tb00284.x}}

@inproceedings{Georgeff:1987:RRP:1863766.1863818,
	Acmid = {1863818},
	Author = {Georgeff, Michael P. and Lansky, Amy L.},
	Booktitle = {Proceedings of the Sixth National Conference on Artificial Intelligence - Volume 2},
	Isbn = {0-934613-42-7},
	Location = {Seattle, Washington},
	Numpages = {6},
	Pages = {677--682},
	Publisher = {AAAI Press},
	Series = {AAAI'87},
	Title = {Reactive Reasoning and Planning},
	Url = {http://dl.acm.org/citation.cfm?id=1863766.1863818},
	Year = {1987},
	Bdsk-Url-1 = {http://dl.acm.org/citation.cfm?id=1863766.1863818}}

@inproceedings{DBLP:conf/atal/LoganTY17,
	Author = {Brian Logan and John Thangarajah and Neil Yorke{-}Smith},
	Booktitle = {{AAMAS}},
	Pages = {768--772},
	Publisher = {{ACM}},
	Title = {Progressing Intention Progression: {A} Call for a Goal-Plan Tree Contest},
	Year = {2017}}

@incollection{jason06,
	Author = {Bordini, Rafael and H\"ubner, Jomi},
	Booktitle = {CLIMA VI},
	Editor = {Toni, Francesca and Torroni, Paolo},
	Month = mar,
	Pages = {143--164},
	Publisher = {Springer},
	Series = {LNAI},
	Title = {{BDI} Agent Programming in {AgentSpeak} Using {Jason}},
	Volume = {3900},
	Year = {2006}}

@book{bordini:07,
	Author = {Rafael H. Bordini and Jomi Fred H\"ubner and Michael Wooldrige},
	Doi = {10.1002/9780470061848},
	Publisher = {John Wiley \& Sons},
	Series = {Wiley Series in Agent Technology},
	Title = {Programming Multi-Agent Systems in AgentSpeak using \textit{Jason}},
	Url = {http://jason.sf.net/jBook},
	Year = {2007},
	Bdsk-Url-1 = {http://jason.sf.net/jBook},
	Bdsk-Url-2 = {http://dx.doi.org/10.1002/9780470061848}}

@inproceedings{DBLP:conf/prima/CollierRL15,
	Author = {Rem W. Collier and Sean Edward Russell and David Lillis},
	Booktitle = {{PRIMA} 2015: Principles and Practice of Multi-Agent Systems - 18th International Conference, Bertinoro, Italy, October 26-30, 2015, Proceedings},
	Editor = {Qingliang Chen and Paolo Torroni and Serena Villata and Jane Yung{-}jen Hsu and Andrea Omicini},
	Pages = {351--366},
	Publisher = {Springer},
	Series = {Lecture Notes in Computer Science},
	Title = {Reflecting on Agent Programming with AgentSpeak(L)},
	Volume = {9387},
	Year = {2015}}

@inproceedings{Vikhorev:2011:APP:2030470.2030529,
	Acmid = {2030529},
	Address = {Richland, SC},
	Author = {Vikhorev, Konstantin and Alechina, Natasha and Logan, Brian},
	Booktitle = {The 10th International Conference on Autonomous Agents and Multiagent Systems - Volume 1},
	Isbn = {0-9826571-5-3, 978-0-9826571-5-7},
	Keywords = {agent programming languages, belief desire and intention logics, complexity of reasoning},
	Location = {Taipei, Taiwan},
	Numpages = {8},
	Pages = {397--404},
	Publisher = {International Foundation for Autonomous Agents and Multiagent Systems},
	Series = {AAMAS '11},
	Title = {Agent Programming with Priorities and Deadlines},
	Url = {http://dl.acm.org/citation.cfm?id=2030470.2030529},
	Year = {2011},
	Bdsk-Url-1 = {http://dl.acm.org/citation.cfm?id=2030470.2030529}}

@inbook{Madden2010,
	Address = {Berlin, Heidelberg},
	Author = {Madden, Neil and Logan, Brian},
	Booktitle = {Programming Multi-Agent Systems: 7th International Workshop, ProMAS 2009, Budapest, Hungary, May 10-15, 2009. Revised Selected Papers},
	Editor = {Braubach, Lars and Briot, Jean-Pierre and Thangarajah, John},
	Pages = {237--253},
	Publisher = {Springer Berlin Heidelberg},
	Title = {Modularity and Compositionality in Jason},
	Year = {2010}}

@inbook{Nunes2014,
	Address = {Cham},
	Author = {Nunes, Ingrid},
	Booktitle = {Engineering Multi-Agent Systems: Second International Workshop, EMAS 2014, Paris, France, May 5-6, 2014, Revised Selected Papers},
	Editor = {Dalpiaz, Fabiano and Dix, J{\"u}rgen and van Riemsdijk, M. Birna},
	Pages = {58--80},
	Publisher = {Springer International Publishing},
	Title = {Improving the Design and Modularity of BDI Agents with Capability Relationships},
	Year = {2014}}

@book{BordiniMAPlpa,
	Editor = {Bordini, Rafael H. and Dastani, Mehdi and Dix, J{\"u}rgen and El Fallah Seghrouchni, Amal},
	Number = 15,
	Publisher = {Springer},
	Series = {Multiagent Systems, Artificial Societies, and Simulated Organizations},
	Title = {Multi-Agent Programming: Languages, Platforms and Applications},
	Year = 2005}

@book{BordiniMAPlta,
	Editor = {Bordini, Rafael H. and Dastani, Mehdi and Dix, J{\"u}rgen and El Fallah Seghrouchni, Amal},
	Publisher = {Springer},
	Title = {Multi-Agent Programming: Languages, Tools and Applications},
	Year = 2009}

@article{moro2004minority,
	Author = {Moro, Esteban},
	Journal = {arXiv preprint cond-mat/0402651},
	Title = {The minority game: an introductory guide},
	Year = {2004}}
